@article{ilavarasan2007low,
  title={Low complexity performance effective task scheduling algorithm for heterogeneous computing environments},
  author={Ilavarasan, E and Thambidurai, Perumal},
  journal={Journal of Computer sciences},
  volume={3},
  number={2},
  pages={94--103},
  year={2007}
}